%Bibliografia vera

@book{schwartz,
    author={Schwartz, M. D.},
    title={Quantum Field Theory and the Standard Model},
    year=2014,
    publisher={Cambridge University Press}
}

@misc{gruppi,
    author={Amicucci, F. and D'Errigo, M.},
    title={Group Theory in Mathematical Physics},
    url={https://www.overleaf.com/read/hhbfwtrfbrdf}
}

% @online{introQCD,
%   author = {Mangano, M.},
%   title = {Introduction to QCD},
%   url = {https://arxiv.org/pdf/hep-ph/0505265.pdf}
% }

% @online{SS,
%   author = {Scherer, S. and Schindler, R.},
%   title = {A Chiral Perturbation Theory Primer},
%   year = 2005,
%   url = {https://arxiv.org/pdf/hep-ph/0505265.pdf}
% }

% @online{Sr,
%   author = {Srednicku, M.},
%   title = {Quantum Field Theory},
%   year = 2006,
%   url = {https://web.physics.ucsb.edu/~mark/qft.html}
% }

% @online{GT,
%     author = {Grossmann Y., Tanedo P.},
%     title = {Just a Taste: Lectures on Flavor Physics},
%     year = {2017},
%     url = {https://arxiv.org/pdf/1711.03624.pdf}
% }

% @misc{SS,
% author="Scherer, S. and Schindler, R.",
% title="A Chiral Perturbation Theory Primer,
% url="https://arxiv.org/pdf/hep-ph/0505265.pdf"
% }

% @misc{introQCD,
% author="Mangano, M.",
% title="Introduction to QCD,
% howpublished={\url{https://cds.cern.ch/record/454171/files/p53.pdf}}"
% }

%Bibliografia vecchia del BonciaBook che non si sa mai dovesse servire qualcosa

% @book{schwartz,
% author="Schwartz, M. D.",
% title="Quantum Field Theory and the Standard Model",
% year="2014",
% publisher="Cambridge University Press"
% }

% @misc{PapaNotes,
% author="R. Marinelli",
% title="Relativistic Quantum Mechanics Notes",
% howpublished="\url{https://rikimachine99.github.io/university/lectures_notes/master/#rqm}"
% }

% @misc{qftciotta,
% author="D. Tong",
% title="Lectures on Quantum Field Theory",
% howpublished="\url{http://www.damtp.cam.ac.uk/user/tong/qft.html}"
% }

% @misc{gruppi,
% author="Amicucci, F. and D'Errigo, M.",
% title="Group Theory in Mathematical Physics",
% howpublished="\url{https://www.overleaf.com/read/hhbfwtrfbrdf}"
% }

% @book{mencuccini,
% author="Mencuccini, C. and Silvestrini, V.",
% title="Fisica-Elettromagnetismo e Ottica",
% year="2017",
% publisher="Zanichelli"
% }

% @misc{tensori,
% author="Bonciani, R.",
% title="Vectors and Tensors",
% howpublished="\url{https://www.roma1.infn.it/~boncianr/vectors.pdf}"
% }

% @misc{scattering,
% author="Bonciani, R.",
% title="Electron-positron scattering",
% howpublished="\url{https://www.roma1.infn.it/~boncianr/qed.pdf}"
% }